@phdthesis{chris_compiler,
  author       = {Christopher Bak}, 
  title        = {GP 2: Efficient Implementation of a Graph Programming Language},
  school       = {Univesity of York},
  year         = 2015,
  address      = {},
  month        = 9,
}